@inproceedings{wang2014learning,
  title={Learning fine-grained image similarity with deep ranking},
  author={Wang, Jiang and Song, Yang and Leung, Thomas and Rosenberg, Chuck and Wang, Jingbin and Philbin, James and Chen, Bo and Wu, Ying},
  booktitle={Proceedings of the IEEE Conference on Computer Vision and Pattern Recognition},
  pages={1386--1393},
  year={2014}
}

@techreport{WahCUB_200_2011,
	Title = {{The Caltech-UCSD Birds-200-2011 Dataset}},
	Author = {Wah, C. and Branson, S. and Welinder, P. and Perona, P. and Belongie, S.},
	year = {2011},
	Institution = {California Institute of Technology},
	Number = {CNS-TR-2011-001}
}

@inproceedings{xu2015augmenting,
  title={Augmenting strong supervision using web data for fine-grained categorization},
  author={Xu, Zhe and Huang, Shaoli and Zhang, Ya and Tao, Dacheng},
  booktitle={Proceedings of the IEEE International Conference on Computer Vision},
  pages={2524--2532},
  year={2015}
}

@inproceedings{krause2016unreasonable,
  title={The unreasonable effectiveness of noisy data for fine-grained recognition},
  author={Krause, Jonathan and Sapp, Benjamin and Howard, Andrew and Zhou, Howard and Toshev, Alexander and Duerig, Tom and Philbin, James and Fei-Fei, Li},
  booktitle={European Conference on Computer Vision},
  pages={301--320},
  year={2016},
  organization={Springer}
}

@inproceedings{lowe1999object,
  title={Object recognition from local scale-invariant features},
  author={Lowe, David G},
  booktitle={Computer vision, 1999. The proceedings of the seventh IEEE international conference on},
  volume={2},
  pages={1150--1157},
  year={1999},
  organization={Ieee}
}

@inproceedings{dalal2005histograms,
  title={Histograms of oriented gradients for human detection},
  author={Dalal, Navneet and Triggs, Bill},
  booktitle={Computer Vision and Pattern Recognition, 2005. CVPR 2005. IEEE Computer Society Conference on},
  volume={1},
  pages={886--893},
  year={2005},
  organization={IEEE}
}

@article{jain1997object,
  title={Object detection using Gabor filters},
  author={Jain, Anil K and Ratha, Nalini K and Lakshmanan, Sridhar},
  journal={Pattern recognition},
  volume={30},
  number={2},
  pages={295--309},
  year={1997},
  publisher={Elsevier}
}

@inproceedings{yang2009linear,
  title={Linear spatial pyramid matching using sparse coding for image classification},
  author={Yang, Jianchao and Yu, Kai and Gong, Yihong and Huang, Thomas},
  booktitle={Computer Vision and Pattern Recognition, 2009. CVPR 2009. IEEE Conference on},
  pages={1794--1801},
  year={2009},
  organization={IEEE}
}

@inproceedings{girshick2014rich,
  title={Rich feature hierarchies for accurate object detection and semantic segmentation},
  author={Girshick, Ross and Donahue, Jeff and Darrell, Trevor and Malik, Jitendra},
  booktitle={Proceedings of the IEEE conference on computer vision and pattern recognition},
  pages={580--587},
  year={2014}
}

@inproceedings{lazebnik2006beyond,
  title={Beyond bags of features: Spatial pyramid matching for recognizing natural scene categories},
  author={Lazebnik, Svetlana and Schmid, Cordelia and Ponce, Jean},
  booktitle={Computer vision and pattern recognition, 2006 IEEE computer society conference on},
  volume={2},
  pages={2169--2178},
  year={2006},
  organization={IEEE}
}

@inproceedings{krizhevsky2012imagenet,
  title={Imagenet classification with deep convolutional neural networks},
  author={Krizhevsky, Alex and Sutskever, Ilya and Hinton, Geoffrey E},
  booktitle={Advances in neural information processing systems},
  pages={1097--1105},
  year={2012}
}

@inproceedings{angelova2013image,
  title={Image segmentation for large-scale subcategory flower recognition},
  author={Angelova, Anelia and Zhu, Shenghuo and Lin, Yuanqing},
  booktitle={Applications of Computer Vision (WACV), 2013 IEEE Workshop on},
  pages={39--45},
  year={2013},
  organization={IEEE}
}

@inproceedings{russakovsky2013detecting,
  title={Detecting avocados to zucchinis: what have we done, and where are we going?},
  author={Russakovsky, Olga and Deng, Jia and Huang, Zhiheng and Berg, Alexander C and Fei-Fei, Li},
  booktitle={Proceedings of the IEEE International Conference on Computer Vision},
  pages={2064--2071},
  year={2013}
}

@inproceedings{rejeb2013vantage,
  title={Vantage feature frames for fine-grained categorization},
  author={Rejeb Sfar, Asma and Boujemaa, Nozha and Geman, Donald},
  booktitle={Proceedings of the IEEE Conference on Computer Vision and Pattern Recognition},
  pages={835--842},
  year={2013}
}

@inproceedings{berg2014birdsnap,
  title={Birdsnap: Large-scale fine-grained visual categorization of birds},
  author={Berg, Thomas and Liu, Jiongxin and Woo Lee, Seung and Alexander, Michelle L and Jacobs, David W and Belhumeur, Peter N},
  booktitle={Proceedings of the IEEE Conference on Computer Vision and Pattern Recognition},
  pages={2011--2018},
  year={2014}
}

@inproceedings{zhang2014part,
  title={Part-based R-CNNs for fine-grained category detection},
  author={Zhang, Ning and Donahue, Jeff and Girshick, Ross and Darrell, Trevor},
  booktitle={European conference on computer vision},
  pages={834--849},
  year={2014},
  organization={Springer}
}

@inproceedings{pouladzadeh2015foodd,
  title={Foodd: food detection dataset for calorie measurement using food images},
  author={Pouladzadeh, Parisa and Yassine, Abdulsalam and Shirmohammadi, Shervin},
  booktitle={International Conference on Image Analysis and Processing},
  pages={441--448},
  year={2015},
  organization={Springer}
}

@article{bowyer2016nd,
  title={The ND-IRIS-0405 iris image dataset},
  author={Bowyer, Kevin W and Flynn, Patrick J},
  journal={arXiv preprint arXiv:1606.04853},
  year={2016}
}

@incollection{cortes2016ultrasound,
  title={Ultrasound Image Dataset for Image Analysis Algorithms Evaluation},
  author={Cortes, Camilo and Kabongo, Luis and Macia, Ivan and Ruiz, Oscar E and Florez, Julian},
  booktitle={Innovation in Medicine and Healthcare 2015},
  pages={447--457},
  year={2016},
  publisher={Springer}
}

@inproceedings{chu2016image2weather,
  title={Image2Weather: A Large-Scale Image Dataset for Weather Property Estimation},
  author={Chu, Wei-Ta and Zheng, Xiang-You and Ding, Ding-Shiuan},
  booktitle={Multimedia Big Data (BigMM), 2016 IEEE Second International Conference on},
  pages={137--144},
  year={2016},
  organization={IEEE}
}

@article{shi2016stacked,
  title={Stacked deep polynomial network based representation learning for tumor classification with small ultrasound image dataset},
  author={Shi, Jun and Zhou, Shichong and Liu, Xiao and Zhang, Qi and Lu, Minhua and Wang, Tianfu},
  journal={Neurocomputing},
  volume={194},
  pages={87--94},
  year={2016},
  publisher={Elsevier}
}

@inproceedings{paudyal2016smart,
  title={SMART: a light field image quality dataset},
  author={Paudyal, Pradip and Olsson, Roger and Sj{\"o}str{\"o}m, M{\aa}rten and Battisti, Federica and Carli, Marco},
  booktitle={Proceedings of the 7th International Conference on Multimedia Systems},
  pages={49},
  year={2016},
  organization={ACM}
}

@inproceedings{deng2009imagenet,
  title={Imagenet: A large-scale hierarchical image database},
  author={Deng, Jia and Dong, Wei and Socher, Richard and Li, Li-Jia and Li, Kai and Fei-Fei, Li},
  booktitle={Computer Vision and Pattern Recognition, 2009. CVPR 2009. IEEE Conference on},
  pages={248--255},
  year={2009},
  organization={IEEE}
}

@inproceedings{zhou2014learning,
  title={Learning deep features for scene recognition using places database},
  author={Zhou, Bolei and Lapedriza, Agata and Xiao, Jianxiong and Torralba, Antonio and Oliva, Aude},
  booktitle={Advances in neural information processing systems},
  pages={487--495},
  year={2014}
}

@inproceedings{xiao2010sun,
  title={Sun database: Large-scale scene recognition from abbey to zoo},
  author={Xiao, Jianxiong and Hays, James and Ehinger, Krista A and Oliva, Aude and Torralba, Antonio},
  booktitle={Computer vision and pattern recognition (CVPR), 2010 IEEE conference on},
  pages={3485--3492},
  year={2010},
  organization={IEEE}
}

@inproceedings{lin2014microsoft,
  title={Microsoft coco: Common objects in context},
  author={Lin, Tsung-Yi and Maire, Michael and Belongie, Serge and Hays, James and Perona, Pietro and Ramanan, Deva and Doll{\'a}r, Piotr and Zitnick, C Lawrence},
  booktitle={European Conference on Computer Vision},
  pages={740--755},
  year={2014},
  organization={Springer}
}

@article{lecun1989backpropagation,
  title={Backpropagation applied to handwritten zip code recognition},
  author={LeCun, Yann and Boser, Bernhard and Denker, John S and Henderson, Donnie and Howard, Richard E and Hubbard, Wayne and Jackel, Lawrence D},
  journal={Neural computation},
  volume={1},
  number={4},
  pages={541--551},
  year={1989},
  publisher={MIT Press}
}

@inproceedings{glorot2011deep,
  title={Deep Sparse Rectifier Neural Networks.},
  author={Glorot, Xavier and Bordes, Antoine and Bengio, Yoshua},
  booktitle={Aistats},
  volume={15},
  number={106},
  pages={275},
  year={2011}
}

@article{simonyan2014very,
  title={Very deep convolutional networks for large-scale image recognition},
  author={Simonyan, Karen and Zisserman, Andrew},
  journal={arXiv preprint arXiv:1409.1556},
  year={2014}
}

@inproceedings{szegedy2015going,
  title={Going deeper with convolutions},
  author={Szegedy, Christian and Liu, Wei and Jia, Yangqing and Sermanet, Pierre and Reed, Scott and Anguelov, Dragomir and Erhan, Dumitru and Vanhoucke, Vincent and Rabinovich, Andrew},
  booktitle={Proceedings of the IEEE Conference on Computer Vision and Pattern Recognition},
  pages={1--9},
  year={2015}
}

@inproceedings{he2016deep,
  title={Deep residual learning for image recognition},
  author={He, Kaiming and Zhang, Xiangyu and Ren, Shaoqing and Sun, Jian},
  booktitle={Proceedings of the IEEE Conference on Computer Vision and Pattern Recognition},
  pages={770--778},
  year={2016}
}

@article{athiwaratkun2015feature,
  title={Feature Representation in Convolutional Neural Networks},
  author={Athiwaratkun, Ben and Kang, Keegan},
  journal={arXiv preprint arXiv:1507.02313},
  year={2015}
}

@inproceedings{weyand2016planet,
  title={Planet-photo geolocation with convolutional neural networks},
  author={Weyand, Tobias and Kostrikov, Ilya and Philbin, James},
  booktitle={European Conference on Computer Vision},
  pages={37--55},
  year={2016},
  organization={Springer}
}

@article{oliva2001modeling,
  title={Modeling the shape of the scene: A holistic representation of the spatial envelope},
  author={Oliva, Aude and Torralba, Antonio},
  journal={International journal of computer vision},
  volume={42},
  number={3},
  pages={145--175},
  year={2001},
  publisher={Springer}
}

@article{wu2011centrist,
  title={CENTRIST: A visual descriptor for scene categorization},
  author={Wu, Jianxin and Rehg, Jim M},
  journal={IEEE transactions on pattern analysis and machine intelligence},
  volume={33},
  number={8},
  pages={1489--1501},
  year={2011},
  publisher={IEEE}
}

@article{jegou2012aggregating,
  title={Aggregating local image descriptors into compact codes},
  author={Jegou, Herve and Perronnin, Florent and Douze, Matthijs and S{\'a}nchez, Jorge and Perez, Patrick and Schmid, Cordelia},
  journal={IEEE transactions on pattern analysis and machine intelligence},
  volume={34},
  number={9},
  pages={1704--1716},
  year={2012},
  publisher={IEEE}
}

@inproceedings{karpathy2014large,
  title={Large-scale video classification with convolutional neural networks},
  author={Karpathy, Andrej and Toderici, George and Shetty, Sanketh and Leung, Thomas and Sukthankar, Rahul and Fei-Fei, Li},
  booktitle={Proceedings of the IEEE conference on Computer Vision and Pattern Recognition},
  pages={1725--1732},
  year={2014}
}

@article{srivastava2014dropout,
  title={Dropout: a simple way to prevent neural networks from overfitting.},
  author={Srivastava, Nitish and Hinton, Geoffrey E and Krizhevsky, Alex and Sutskever, Ilya and Salakhutdinov, Ruslan},
  journal={Journal of Machine Learning Research},
  volume={15},
  number={1},
  pages={1929--1958},
  year={2014}
}


@article{bromley1993signature,
  title={Signature Verification Using A 'Siamese' Time Delay Neural Network},
  author={Bromley, Jane and Bentz, James W. and Bottou, Leon and Guyon, Isabelle and LeCun, Yann and Moore, Cliff and S{\"a}ckinger, Eduard and Shah, Roopak},
  journal={IJPRAI},
  volume={7},
  number={4},
  pages={669--688},
  year={1993}
}

@inproceedings{lin2015learning,
  title={Learning deep representations for ground-to-aerial geolocalization},
  author={Lin, Tsung-Yi and Cui, Yin and Belongie, Serge and Hays, James},
  booktitle={Proceedings of the IEEE conference on computer vision and pattern recognition},
  pages={5007--5015},
  year={2015}
}

@article{bell2015learning,
  title={Learning visual similarity for product design with convolutional neural networks},
  author={Bell, Sean and Bala, Kavita},
  journal={ACM Transactions on Graphics (TOG)},
  volume={34},
  number={4},
  pages={98},
  year={2015},
  publisher={ACM}
}

@inproceedings{zagoruyko2015learning,
  title={Learning to compare image patches via convolutional neural networks},
  author={Zagoruyko, Sergey and Komodakis, Nikos},
  booktitle={Proceedings of the IEEE Conference on Computer Vision and Pattern Recognition},
  pages={4353--4361},
  year={2015}
}

@phdthesis{koch2015siamese,
  title={Siamese neural networks for one-shot image recognition},
  author={Koch, Gregory},
  year={2015},
  school={University of Toronto}
}

@article{He2015,
    author={Kaiming He and Xiangyu Zhang and Shaoqing Ren and Jian Sun},
    title={Deep Residual Learning for Image Recognition},
    journal={arXiv preprint arXiv:1512.03385},
    year={2015}
}

@inproceedings{hadsell2006dimensionality,
  title={Dimensionality reduction by learning an invariant mapping},
  author={Hadsell, Raia and Chopra, Sumit and LeCun, Yann},
  booktitle={Computer vision and pattern recognition, 2006 IEEE computer society conference on},
  volume={2},
  pages={1735--1742},
  year={2006},
  organization={IEEE}
}

@inproceedings{bergamo2010exploiting,
  title={Exploiting weakly-labeled web images to improve object classification: a domain adaptation approach},
  author={Bergamo, Alessandro and Torresani, Lorenzo},
  booktitle={Advances in Neural Information Processing Systems},
  pages={181--189},
  year={2010}
}

@article{fergus2010learning,
  title={Learning object categories from internet image searches},
  author={Fergus, Rob and Fei-Fei, Li and Perona, Pietro and Zisserman, Andrew},
  journal={Proceedings of the IEEE},
  volume={98},
  number={8},
  pages={1453--1466},
  year={2010},
  publisher={IEEE}
}

@article{li2010optimol,
  title={Optimol: automatic online picture collection via incremental model learning},
  author={Li, Li-Jia and Fei-Fei, Li},
  journal={International journal of computer vision},
  volume={88},
  number={2},
  pages={147--168},
  year={2010},
  publisher={Springer}
}

@article{schroff2011harvesting,
  title={Harvesting image databases from the web},
  author={Schroff, Florian and Criminisi, Antonio and Zisserman, Andrew},
  journal={IEEE transactions on pattern analysis and machine intelligence},
  volume={33},
  number={4},
  pages={754--766},
  year={2011},
  publisher={IEEE}
}

@inproceedings{rubinstein2013unsupervised,
  title={Unsupervised joint object discovery and segmentation in internet images},
  author={Rubinstein, Michael and Joulin, Armand and Kopf, Johannes and Liu, Ce},
  booktitle={Proceedings of the IEEE conference on computer vision and pattern recognition},
  pages={1939--1946},
  year={2013}
}

@article{szegedy2016inception,
  title={Inception-v4, inception-resnet and the impact of residual connections on learning},
  author={Szegedy, Christian and Ioffe, Sergey and Vanhoucke, Vincent and Alemi, Alex},
  journal={arXiv preprint arXiv:1602.07261},
  year={2016}
}

@inproceedings{glorot2010understanding,
  title={Understanding the difficulty of training deep feedforward neural networks.},
  author={Glorot, Xavier and Bengio, Yoshua},
  booktitle={Aistats},
  volume={9},
  pages={249--256},
  year={2010}
}

@inproceedings{he2015delving,
  title={Delving deep into rectifiers: Surpassing human-level performance on imagenet classification},
  author={He, Kaiming and Zhang, Xiangyu and Ren, Shaoqing and Sun, Jian},
  booktitle={Proceedings of the IEEE international conference on computer vision},
  pages={1026--1034},
  year={2015}
}

@inproceedings{scharstein2014high,
	title={High-resolution stereo datasets with subpixel-accurate ground truth},
	author={Scharstein, Daniel and Hirschm{\"u}ller, Heiko and Kitajima, York and Krathwohl, Greg and Ne{\v{s}}i{\'c}, Nera and Wang, Xi and Westling, Porter},
	booktitle={German Conference on Pattern Recognition},
	pages={31--42},
	year={2014},
	organization={Springer}
}

@article{tieleman2012lecture,
	title={Lecture 6.5-rmsprop: Divide the gradient by a running average of its recent magnitude},
	author={Tieleman, Tijmen and Hinton, Geoffrey},
	journal={COURSERA: Neural networks for machine learning},
	volume={4},
	number={2},
	year={2012}
}

@article{duchi2011adaptive,
	title={Adaptive subgradient methods for online learning and stochastic optimization},
	author={Duchi, John and Hazan, Elad and Singer, Yoram},
	journal={Journal of Machine Learning Research},
	volume={12},
	number={Jul},
	pages={2121--2159},
	year={2011}
}

@article{zeiler2012adadelta,
	title={ADADELTA: an adaptive learning rate method},
	author={Zeiler, Matthew D},
	journal={arXiv preprint arXiv:1212.5701},
	year={2012}
}

@article{kingma2014adam,
	title={Adam: A method for stochastic optimization},
	author={Kingma, Diederik and Ba, Jimmy},
	journal={arXiv preprint arXiv:1412.6980},
	year={2014}
}

@inproceedings{chopra2005learning,
	title={Learning a similarity metric discriminatively, with application to face verification},
	author={Chopra, Sumit and Hadsell, Raia and LeCun, Yann},
	booktitle={Computer Vision and Pattern Recognition, 2005. CVPR 2005. IEEE Computer Society Conference on},
	volume={1},
	pages={539--546},
	year={2005},
	organization={IEEE}
}

@inproceedings{vedaldi2010vlfeat,
	title={VLFeat: An open and portable library of computer vision algorithms},
	author={Vedaldi, Andrea and Fulkerson, Brian},
	booktitle={Proceedings of the 18th ACM international conference on Multimedia},
	pages={1469--1472},
	year={2010},
	organization={ACM}
}

@inproceedings{lenc2015understanding,
	title={Understanding image representations by measuring their equivariance and equivalence},
	author={Lenc, Karel and Vedaldi, Andrea},
	booktitle={Proceedings of the IEEE conference on computer vision and pattern recognition},
	pages={991--999},
	year={2015}
}

@article{muja2014scalable,
	title={Scalable nearest neighbor algorithms for high dimensional data},
	author={Muja, Marius and Lowe, David G},
	journal={IEEE Transactions on Pattern Analysis and Machine Intelligence},
	volume={36},
	number={11},
	pages={2227--2240},
	year={2014},
	publisher={IEEE}
}

@inproceedings{le2013building,
	title={Building high-level features using large scale unsupervised learning},
	author={Le, Quoc V},
	booktitle={Acoustics, Speech and Signal Processing (ICASSP), 2013 IEEE International Conference on},
	pages={8595--8598},
	year={2013},
	organization={IEEE}
}

@inproceedings{rogowitz1998perceptual,
	title={Perceptual image similarity experiments},
	author={Rogowitz, Bernice E and Frese, Thomas and Smith, John R and Bouman, Charles A and Kalin, Edward B},
	booktitle={Photonics West'98 Electronic Imaging},
	pages={576--590},
	year={1998},
	organization={International Society for Optics and Photonics}
}

@article{eakins1999university,
	title={University of Northumbria at Newcastle},
	author={Eakins, John and Graham, Margaret and Retrieval, Content-based Image},
	journal={Content-based Image Retrieval},
	year={1999}
}

@article{bober2001mpeg,
	title={MPEG-7 visual shape descriptors},
	author={Bober, Miroslaw},
	journal={IEEE Transactions on circuits and systems for video technology},
	volume={11},
	number={6},
	pages={716--719},
	year={2001},
	publisher={IEEE}
}

@article{won2002efficient,
	title={Efficient use of MPEG-7 edge histogram descriptor},
	author={Won, Chee Sun and Park, Dong Kwon and Park, Soo-Jun},
	journal={ETRI journal},
	volume={24},
	number={1},
	pages={23--30},
	year={2002},
	publisher={Electronics and Telecommunications Research Institute}
}

@article{ohm2001mpeg,
	title={The MPEG-7 color descriptors},
	author={Ohm, Jens-Rainer and Cieplinski, Leszek and Kim, Heon Jun and Krishnamachari, Santhana and Manjunath, BS and Messing, Dean S and Yamada, Akio},
	publisher={Citeseer}
}

@article{ro2001mpeg,
	title={MPEG-7 homogeneous texture descriptor},
	author={Ro, Yong Man and Kim, Munchurl and Kang, Ho Kyung and Manjunath, BS and Kim, Jinwoong},
	journal={ETRI journal},
	volume={23},
	number={2},
	pages={41--51},
	year={2001},
	publisher={Electronics and Telecommunications Research Institute}
}

@article{manjunath2001color,
	title={Color and texture descriptors},
	author={Manjunath, Bangalore S and Ohm, J-R and Vasudevan, Vinod V and Yamada, Akio},
	journal={IEEE Transactions on circuits and systems for video technology},
	volume={11},
	number={6},
	pages={703--715},
	year={2001},
	publisher={IEEE}
}

@article{porter1997robust,
	title={Robust rotation-invariant texture classification: wavelet, Gabor filter and GMRF based schemes},
	author={Porter, R and Canagarajah, N},
	journal={IEE Proceedings-Vision, Image and Signal Processing},
	volume={144},
	number={3},
	pages={180--188},
	year={1997},
	publisher={IET}
}

@article{weldon1996efficient,
	title={Efficient Gabor filter design for texture segmentation},
	author={Weldon, Thomas P and Higgins, William E and Dunn, Dennis F},
	journal={Pattern recognition},
	volume={29},
	number={12},
	pages={2005--2015},
	year={1996},
	publisher={Elsevier}
}

@article{mehrotra1992gabor,
	title={Gabor filter-based edge detection},
	author={Mehrotra, Rajiv and Namuduri, Kameswara Rao and Ranganathan, Nagarajan},
	journal={Pattern recognition},
	volume={25},
	number={12},
	pages={1479--1494},
	year={1992},
	publisher={Elsevier}
}

@inproceedings{dalal2005histograms,
	title={Histograms of oriented gradients for human detection},
	author={Dalal, Navneet and Triggs, Bill},
	booktitle={Computer Vision and Pattern Recognition, 2005. CVPR 2005. IEEE Computer Society Conference on},
	volume={1},
	pages={886--893},
	year={2005},
	organization={IEEE}
}

@inproceedings{grauman2005efficient,
	title={Efficient image matching with distributions of local invariant features},
	author={Grauman, Kristen and Darrell, Trevor},
	booktitle={Computer Vision and Pattern Recognition, 2005. CVPR 2005. IEEE Computer Society Conference on},
	volume={2},
	pages={627--634},
	year={2005},
	organization={IEEE}
}

@inproceedings{bouchard2005hierarchical,
	title={Hierarchical part-based visual object categorization},
	author={Bouchard, Guillaume and Triggs, Bill},
	booktitle={Computer Vision and Pattern Recognition, 2005. CVPR 2005. IEEE Computer Society Conference on},
	volume={1},
	pages={710--715},
	year={2005},
	organization={IEEE}
}

@article{tamura1978textural,
	title={Textural features corresponding to visual perception},
	author={Tamura, Hideyuki and Mori, Shunji and Yamawaki, Takashi},
	journal={IEEE Transactions on Systems, Man, and Cybernetics},
	volume={8},
	number={6},
	pages={460--473},
	year={1978},
	publisher={IEEE}
}

@article{sanchez2013image,
	title={Image classification with the fisher vector: Theory and practice},
	author={S{\'a}nchez, Jorge and Perronnin, Florent and Mensink, Thomas and Verbeek, Jakob},
	journal={International journal of computer vision},
	volume={105},
	number={3},
	pages={222--245},
	year={2013},
	publisher={Springer}
}

@inproceedings{abdel2006csift,
	title={CSIFT: A SIFT descriptor with color invariant characteristics},
	author={Abdel-Hakim, Alaa E and Farag, Aly A},
	booktitle={Computer Vision and Pattern Recognition, 2006 IEEE Computer Society Conference on},
	volume={2},
	pages={1978--1983},
	year={2006},
	organization={IEEE}
}

@inproceedings{lodha2005gsift,
	title={Gsift: Geometric scale invariant feature transform for data registration},
	author={Lodha, Suresh K and Xiao, Yongqin},
	booktitle={SPIE Conference on Vision Geometry XIV},
	year={2005}
}

@article{russakovsky2015imagenet,
	title={Imagenet large scale visual recognition challenge},
	author={Russakovsky, Olga and Deng, Jia and Su, Hao and Krause, Jonathan and Satheesh, Sanjeev and Ma, Sean and Huang, Zhiheng and Karpathy, Andrej and Khosla, Aditya and Bernstein, Michael and others},
	journal={International Journal of Computer Vision},
	volume={115},
	number={3},
	pages={211--252},
	year={2015},
	publisher={Springer}
}























