@inproceedings{karalas2015deep,
  title={Deep learning for multi-label land cover classification},
  author={Karalas, Konstantinos and Tsagkatakis, Grigorios and Zervakis, Michalis and Tsakalides, Panagiotis},
  booktitle={SPIE Remote Sensing},
  pages={96430Q--96430Q},
  year={2015},
  organization={International Society for Optics and Photonics}
}

@inproceedings{zhu2015land,
  title={Land use classification using convolutional neural networks applied to ground-level images},
  author={Zhu, Yi and Newsam, Shawn},
  booktitle={Proceedings of the 23rd SIGSPATIAL International Conference on Advances in Geographic Information Systems},
  pages={61},
  year={2015},
  organization={ACM}
}

@inproceedings{deng2009imagenet,
  title={Imagenet: A large-scale hierarchical image database},
  author={Deng, Jia and Dong, Wei and Socher, Richard and Li, Li-Jia and Li, Kai and Fei-Fei, Li},
  booktitle={Computer Vision and Pattern Recognition, 2009. CVPR 2009. IEEE Conference on},
  pages={248--255},
  year={2009},
  organization={IEEE}
}

@article{simonyan2014very,
  title={Very deep convolutional networks for large-scale image recognition},
  author={Simonyan, Karen and Zisserman, Andrew},
  journal={arXiv preprint arXiv:1409.1556},
  year={2014}
}

@article{he2015deep,
  title={Deep residual learning for image recognition},
  author={He, Kaiming and Zhang, Xiangyu and Ren, Shaoqing and Sun, Jian},
  journal={arXiv preprint arXiv:1512.03385},
  year={2015}
}

@article{castelluccio2015land,
  title={Land use classification in remote sensing images by convolutional neural networks},
  author={Castelluccio, Marco and Poggi, Giovanni and Sansone, Carlo and Verdoliva, Luisa},
  journal={arXiv preprint arXiv:1508.00092},
  year={2015}
}

@inproceedings{zhou2014learning,
  title={Learning deep features for scene recognition using places database},
  author={Zhou, Bolei and Lapedriza, Agata and Xiao, Jianxiong and Torralba, Antonio and Oliva, Aude},
  booktitle={Advances in neural information processing systems},
  pages={487--495},
  year={2014}
}

@inproceedings{xiao2010sun,
  title={Sun database: Large-scale scene recognition from abbey to zoo},
  author={Xiao, Jianxiong and Hays, James and Ehinger, Krista A and Oliva, Aude and Torralba, Antonio},
  booktitle={Computer vision and pattern recognition (CVPR), 2010 IEEE conference on},
  pages={3485--3492},
  year={2010},
  organization={IEEE}
}

@article{lecun2015deep,
  title={Deep learning},
  author={LeCun, Yann and Bengio, Yoshua and Hinton, Geoffrey},
  journal={Nature},
  volume={521},
  number={7553},
  pages={436--444},
  year={2015},
  publisher={Nature Publishing Group}
}

@article{bengio2012deep,
  title={Deep Learning of Representations for Unsupervised and Transfer Learning.},
  author={Bengio, Yoshua and others},
  journal={ICML Unsupervised and Transfer Learning},
  volume={27},
  pages={17--36},
  year={2012}
}

@inproceedings{jaffe2006generating,
  title={Generating summaries and visualization for large collections of geo-referenced photographs},
  author={Jaffe, Alexandar and Naaman, Mor and Tassa, Tamir and Davis, Marc},
  booktitle={Proceedings of the 8th ACM international workshop on Multimedia information retrieval},
  pages={89--98},
  year={2006},
  organization={ACM}
}

@inproceedings{ahern2007world,
  title={World explorer: visualizing aggregate data from unstructured text in geo-referenced collections},
  author={Ahern, Shane and Naaman, Mor and Nair, Rahul and Yang, Jeannie Hui-I},
  booktitle={Proceedings of the 7th ACM/IEEE-CS joint conference on Digital libraries},
  pages={1--10},
  year={2007},
  organization={ACM}
}

@inproceedings{agarwal2009building,
  title={Building rome in a day},
  author={Agarwal, Sameer and Snavely, Noah and Simon, Ian and Seitz, Steven M and Szeliski, Richard},
  booktitle={2009 IEEE 12th international conference on computer vision},
  pages={72--79},
  year={2009},
  organization={IEEE}
}
